@inproceedings{CousotCousot77-1,
   author =    {Cousot, P{.} and Cousot, R{.}},
   title =     {Abstract interpretation: a unified lattice model for static analysis of programs by construction or approximation of fixpoints},
   pages =     {238--252},
   booktitle = {Conference Record of the Fourth Annual ACM SIGPLAN-SIGACT Symposium on Principles of Programming Languages},
   address =   {Los Angeles, California},
   publisher = {ACM Press, New York, NY},
   year =      1977,
}

@inproceedings{CousotCousot79-1,
   author =    {Cousot, P{.} and Cousot, R{.}},
   title =     {Systematic design of program analysis frameworks},
   pages =     {269--282},
   booktitle = {Conference Record of the Sixth Annual ACM SIGPLAN-SIGACT 
                Symposium on Principles of Programming Languages},
   address =   {San Antonio, Texas},
   publisher = {ACM Press, New York, NY},
   year =      1979,
}

@inproceedings{CousotEtAl06-ASIAN,
   author =    {P{.} Cousot and R{.} Cousot and J{.} Feret and L{.} Mauborgne and 
                A{.} Miné and D{.} Monniaux and X{.} Rival},
   title =     {Combination of Abstractions in the \textsc{Astr\'ee}
                Static Analyzer},
   pages =     {1--24},
   booktitle = {Eleventh Annual Asian Computing Science Conference 
               (ASIAN'06)},
   editor =    {M{.} Okada and I{.} Satoh},
   address =   {Tokyo, Japan, LNCS 4435},
   publisher = {Springer, Berlin},
   month =     dec # " 6--8",
   pages =     {272--300},
   year =      2007,
}

@misc{Canal,
  author = "K{.} Klíč",
  title = "{Canal{,} Abstract interpreter for real-world application programs}",
  howpublished = "\url{https://github.com/karelklic/canal/blob/master/README}",
  year = "2012",
  note = "[Online; accessed 1-May-2013]"
}

@InProceedings{llvm,
    author = {C{.} Lattner and V{.} Adve},
    title = "{LLVM: A Compilation Framework for Lifelong Program Analysis \& Transformation}",
    booktitle = "{Proceedings of the 2004 International Symposium on Code Generation and Optimization (CGO'04)}",
    address = {Palo Alto, California},
    month = mar,
    year = 2004
  }